%% This BibTeX bibliography file was created using BibDesk.
%% http://bibdesk.sourceforge.net/


%% Created for Jo√£o Sacramento at 2016-05-20 10:29:18 +0200 


%% Saved with string encoding Unicode (UTF-8) 



@article{Shadlen1998,
	Author = {Shadlen, Michael N and Newsome, William T},
	Date-Added = {2016-05-20 08:29:10 +0000},
	Date-Modified = {2016-05-20 08:29:16 +0000},
	Journal = {The Journal of Neuroscience},
	Number = {10},
	Pages = {3870--3896},
	Publisher = {Soc Neuroscience},
	Title = {The variable discharge of cortical neurons: implications for connectivity, computation, and information coding},
	Volume = {18},
	Year = {1998}}

@article{Losonczy2008,
	Author = {Losonczy, Attila and Makara, Judit K and Magee, Jeffrey C},
	Date-Added = {2016-05-20 08:12:50 +0000},
	Date-Modified = {2016-05-20 08:12:55 +0000},
	Journal = {Nature},
	Number = {7186},
	Pages = {436--441},
	Publisher = {Nature Publishing Group},
	Title = {Compartmentalized dendritic plasticity and input feature storage in neurons},
	Volume = {452},
	Year = {2008}}

@unpublished{Sacramento2016,
	Author = {Jo{\~a}o Sacramento and Walter Senn},
	Date-Added = {2016-05-20 08:03:25 +0000},
	Date-Modified = {2016-05-20 08:05:56 +0000},
	Note = {Cosyne Abstracts 2016, Salt Lake City USA},
	Title = {Bayesian multisensory integration by dendrites},
	Year = {2016}}

@book{Koch2004,
	Author = {Koch, Christof},
	Date-Added = {2016-05-20 07:33:56 +0000},
	Date-Modified = {2016-05-20 07:34:03 +0000},
	Publisher = {Oxford University Press},
	Title = {Biophysics of computation: information processing in single neurons},
	Year = {2004}}

@article{Koester1998,
	Author = {Koester, Helmut J. and Sakmann, Bert},
	Date-Added = {2016-05-20 07:15:25 +0000},
	Date-Modified = {2016-05-20 08:21:58 +0000},
	Journal = {Proceedings of the National Academy of Sciences},
	Number = {16},
	Pages = {9596--9601},
	Publisher = {National Acad Sciences},
	Title = {Calcium dynamics in single spines during coincident pre-and postsynaptic activity depend on relative timing of back-propagating action potentials and subthreshold excitatory postsynaptic potentials},
	Volume = {95},
	Year = {1998}}

@article{Gerstner1996,
	Author = {Gerstner, Wulfram and Kempter, Richard and van Hemmen, J Leo and Wagner, Hermann},
	Date-Added = {2016-05-20 07:12:38 +0000},
	Date-Modified = {2016-05-20 07:12:40 +0000},
	Journal = {Nature},
	Number = {LCN-ARTICLE-1996-002},
	Pages = {76--78},
	Title = {A neuronal learning rule for sub-millisecond temporal coding},
	Volume = {383},
	Year = {1996}}

@article{Brea2013,
	Author = {Brea, Johanni and Senn, Walter and Pfister, Jean-Pascal},
	Date-Added = {2016-05-20 07:08:57 +0000},
	Date-Modified = {2016-05-20 07:08:58 +0000},
	Journal = {The Journal of Neuroscience},
	Number = {23},
	Pages = {9565--9575},
	Publisher = {Soc Neuroscience},
	Title = {Matching recall and storage in sequence learning with spiking neural networks},
	Volume = {33},
	Year = {2013}}

@article{Artola1990,
	Annote = {10.1038/347069a0},
	Author = {Artola, A. and Brocher, S. and Singer, W.},
	Date-Added = {2016-05-20 07:08:06 +0000},
	Date-Modified = {2016-05-20 07:08:18 +0000},
	Journal = {Nature},
	Month = {09},
	Number = {6288},
	Pages = {69--72},
	Title = {Different voltage-dependent thresholds for inducing long-term depression and long-term potentiation in slices of rat visual cortex},
	Volume = {347},
	Year = {1990},
	Bdsk-Url-1 = {http://dx.doi.org/10.1038/347069a0}}

@article{Sjostrom2001,
	Author = {Sj{\"o}str{\"o}m, Per Jesper and Turrigiano, Gina G and Nelson, Sacha B},
	Date-Added = {2016-05-20 07:07:06 +0000},
	Date-Modified = {2016-05-20 07:07:08 +0000},
	Journal = {Neuron},
	Number = {6},
	Pages = {1149--1164},
	Publisher = {Elsevier},
	Title = {Rate, timing, and cooperativity jointly determine cortical synaptic plasticity},
	Volume = {32},
	Year = {2001}}

@article{Clopath2010,
	Author = {Clopath, Claudia and B{\"u}sing, Lars and Vasilaki, Eleni and Gerstner, Wulfram},
	Date-Added = {2016-05-20 07:06:33 +0000},
	Date-Modified = {2016-05-20 07:06:43 +0000},
	Journal = {Nature Neuroscience},
	Number = {3},
	Pages = {344--352},
	Publisher = {Nature Publishing Group},
	Title = {{Connectivity reflects coding: a model of voltage-based STDP with homeostasis}},
	Volume = {13},
	Year = {2010}}
